
@article{aloysius2007,
  title = {Decision Making in the Short and Long Run: Repeated Gambles and Rationality},
  shorttitle = {Decision Making in the Short and Long Run},
  author = {Aloysius, John A.},
  date = {2007-05},
  journaltitle = {British Journal of Mathematical and Statistical Psychology},
  volume = {60},
  number = {1},
  pages = {61--69},
  issn = {00071102},
  doi = {10/czgkh3},
  url = {http://doi.wiley.com/10.1348/000711006X124143},
  urldate = {2019-10-11}
}

@incollection{alpert1982,
  title = {A Progress Report on the Training of Probability Assessors},
  booktitle = {Judgment under Uncertainty},
  author = {Alpert, Marc and Raiffa, Howard},
  editor = {Kahneman, Daniel and Slovic, Paul and Tversky, Amos},
  date = {1982},
  pages = {294--305},
  publisher = {{Cambridge University Press}},
  location = {{Cambridge}},
  doi = {10.1017/CBO9780511809477.022},
  url = {https://www.cambridge.org/core/product/identifier/CBO9780511809477A035/type/book_part},
  urldate = {2019-10-21},
  isbn = {978-0-511-80947-7}
}

@article{barron2003,
  title = {Small Feedback-Based Decisions and Their Limited Correspondence to Description-Based Decisions},
  author = {Barron, Greg and Erev, Ido},
  date = {2003-07},
  journaltitle = {Journal of Behavioral Decision Making},
  shortjournal = {J. Behav. Decis. Making},
  volume = {16},
  number = {3},
  pages = {215--233},
  issn = {0894-3257, 1099-0771},
  doi = {10/d3jsr8},
  url = {http://doi.wiley.com/10.1002/bdm.443},
  urldate = {2019-10-11}
}

@article{barron2010,
  title = {The Role of Experience in the {{Gambler}}'s {{Fallacy}}},
  author = {Barron, Greg and Leider, Stephen},
  date = {2010},
  journaltitle = {Journal of Behavioral Decision Making},
  volume = {23},
  number = {1},
  pages = {117--129},
  issn = {1099-0771},
  doi = {10/d3p92r},
  url = {https://onlinelibrary.wiley.com/doi/abs/10.1002/bdm.676},
  urldate = {2020-07-06}
}

@article{bellemare2005,
  title = {Myopic Loss Aversion: Information Feedback vs. Investment Flexibility},
  shorttitle = {Myopic Loss Aversion},
  author = {Bellemare, Charles and Krause, Michaela and Kröger, Sabine and Zhang, Chendi},
  date = {2005-06},
  journaltitle = {Economics Letters},
  shortjournal = {Economics Letters},
  volume = {87},
  number = {3},
  pages = {319--324},
  issn = {01651765},
  doi = {10/dfjq7n},
  url = {https://linkinghub.elsevier.com/retrieve/pii/S0165176505000558},
  urldate = {2019-10-11}
}

@article{benartzi1999,
  title = {Risk {{Aversion}} or {{Myopia}}? Choices in {{Repeated Gambles}} and {{Retirement Investments}}},
  shorttitle = {Risk {{Aversion}} or {{Myopia}}?},
  author = {Benartzi, Shlomo and Thaler, Richard H.},
  date = {1999-03},
  journaltitle = {Management Science},
  shortjournal = {Management Science},
  volume = {45},
  number = {3},
  pages = {364--381},
  publisher = {{INFORMS}},
  issn = {0025-1909, 1526-5501},
  doi = {10/cjhp6t},
  url = {http://pubsonline.informs.org/doi/abs/10.1287/mnsc.45.3.364},
  urldate = {2019-10-11}
}

@article{beshears2016,
  title = {Does {{Aggregated Returns Disclosure Increase Portfolio Risk Taking}}?},
  author = {Beshears, John and Choi, James J. and Laibson, David and Madrian, Brigitte C.},
  date = {2016},
  journaltitle = {The Review of Financial Studies},
  volume = {30},
  number = {6},
  pages = {1971--2005},
  issn = {0893-9454, 1465-7368},
  doi = {10/gjscs7},
  url = {https://academic.oup.com/rfs/article/30/6/1971/2528259},
  urldate = {2019-10-11}
}

@article{bjornsen2019,
  title = {Risk Aggregation: What Does It Really Mean?},
  shorttitle = {Risk Aggregation},
  author = {Bjørnsen, Kjartan and Aven, Terje},
  date = {2019-11},
  journaltitle = {Reliability Engineering \& System Safety},
  shortjournal = {Reliability Engineering \& System Safety},
  volume = {191},
  pages = {106524},
  publisher = {{Elsevier Ltd}},
  issn = {09518320},
  doi = {10/gjscst},
  url = {https://linkinghub.elsevier.com/retrieve/pii/S0951832018307932},
  urldate = {2019-10-11}
}

@thesis{bristow2011,
  type = {Masters thesis},
  title = {There Is More to {{Life}} than {{Expected Values}}: Results of {{Free Distributions}} of {{Multiple}}-{{Play Gambles}}},
  author = {Bristow, R Evan},
  date = {2011},
  institution = {{Miami University}},
  location = {{Oxford, Ohio}},
  url = {https://etd.ohiolink.edu/apexprod/rws_etd/send_file/send?accession=miami1304352729}
}

@article{camilleri2011,
  title = {When and Why Rare Events Are Underweighted: A Direct Comparison of the Sampling, Partial Feedback, Full Feedback and Description Choice Paradigms},
  shorttitle = {When and Why Rare Events Are Underweighted},
  author = {Camilleri, Adrian R. and Newell, Ben R.},
  date = {2011-04},
  journaltitle = {Psychonomic Bulletin \& Review},
  shortjournal = {Psychon Bull Rev},
  volume = {18},
  number = {2},
  pages = {377--384},
  issn = {1069-9384, 1531-5320},
  doi = {10/cz55xk},
  url = {http://www.springerlink.com/index/10.3758/s13423-010-0040-2},
  urldate = {2019-10-11}
}

@article{camilleri2013,
  title = {The Long and Short of It: Closing the Description-Experience “Gap” by Taking the Long-Run View},
  shorttitle = {The Long and Short of It},
  author = {Camilleri, Adrian R. and Newell, Ben R.},
  date = {2013-01},
  journaltitle = {Cognition},
  shortjournal = {Cognition},
  volume = {126},
  number = {1},
  pages = {54--71},
  issn = {00100277},
  doi = {10/f4gq3w},
  url = {https://linkinghub.elsevier.com/retrieve/pii/S0010027712002016},
  urldate = {2019-10-11}
}

@article{coombs1971,
  title = {A Test of {{VE}}-Theories of Risk and the Effect of the Central Limit Theorem},
  author = {Coombs, Clyde H and Bowen, James N},
  date = {1971},
  journaltitle = {Acta Psychologica},
  shortjournal = {Acta Psychologica},
  volume = {35},
  number = {1},
  pages = {15--28},
  issn = {0001-6918},
  doi = {10/dm5gbv}
}

@article{curley1986,
  title = {Psychological Sources of Ambiguity Avoidance},
  author = {Curley, Shawn P and Yates, J.Frank and Abrams, Richard A},
  date = {1986-10},
  journaltitle = {Organizational Behavior and Human Decision Processes},
  shortjournal = {Organizational Behavior and Human Decision Processes},
  volume = {38},
  number = {2},
  pages = {230--256},
  issn = {07495978},
  doi = {10/bmzdj7},
  url = {https://linkinghub.elsevier.com/retrieve/pii/074959788690018X},
  urldate = {2019-10-21}
}

@article{dekay2005,
  title = {When Things Don't Add up: The Role of Perceived Fungibility in Repeated-Play Decisions},
  author = {DeKay, Michael L. and Kim, Tai Gyu},
  date = {2005},
  journaltitle = {Psychological Science},
  shortjournal = {Psychological Science},
  volume = {16},
  number = {9},
  eprint = {16137250},
  eprinttype = {pmid},
  pages = {667--672},
  issn = {0956-7976},
  doi = {10/ddgt5v}
}

@article{dekay2006,
  title = {Are Medical Treatments for Individuals and Groups like Single-Play and Multiple-Play Gambles?},
  author = {DeKay, Michael L. and Hershey, John C and Spranca, Mark D and Ubel, Peter A and Asch, David A},
  date = {2006},
  journaltitle = {Judgment and Decision Making},
  volume = {1},
  number = {2},
  pages = {12},
  url = {http://journal.sjdm.org/jdm06133.pdf}
}

@article{dekay2011,
  title = {Are {{Medical Outcomes Fungible}}? A {{Survey}} of {{Voters}}, {{Medical Administrators}}, and {{Physicians}}},
  shorttitle = {Are {{Medical Outcomes Fungible}}?},
  author = {DeKay, Michael L.},
  date = {2011-03},
  journaltitle = {Medical Decision Making},
  shortjournal = {Med Decis Making},
  volume = {31},
  number = {2},
  pages = {338--353},
  issn = {0272-989X, 1552-681X},
  doi = {10/b539tb},
  url = {http://journals.sagepub.com/doi/10.1177/0272989X10373146},
  urldate = {2019-10-11}
}

@inproceedings{dekel2019,
  title = {Comparing Apples to Cash Flows: Structural Alignment in Financial Decision Making},
  booktitle = {Proceedings of the 41st {{Annual Conference}} of the {{Cognitive Science Society}}},
  author = {Dekel, Shir and Goldwater, Micah and Lovallo, Dan},
  date = {2019-07-24/2019-07-27},
  publisher = {{Cognitive Science Society}},
  location = {{Montreal, QB}},
  url = {https://cogsci.mindmodeling.org/2019/papers/0064/index.html},
  eventtitle = {{{CogSci19}}},
  organization = {{Cognitive Science Society}}
}

@article{ert2013,
  title = {On the Descriptive Value of Loss Aversion in Decisions under Risk: Six Clarifications},
  author = {Ert, Eyal and Erev, Ido},
  date = {2013},
  journaltitle = {Judgment and Decision Making},
  volume = {8},
  number = {3},
  pages = {22},
  url = {http://journal.sjdm.org/12/12712/jdm12712.pdf}
}

@article{gneezy1997,
  title = {An {{Experiment}} on {{Risk Taking}} and {{Evaluation Periods}}},
  author = {Gneezy, U. and Potters, J.},
  date = {1997-05-01},
  journaltitle = {The Quarterly Journal of Economics},
  shortjournal = {The Quarterly Journal of Economics},
  volume = {112},
  number = {2},
  pages = {631--645},
  issn = {0033-5533, 1531-4650},
  doi = {10/bpkbhz},
  url = {https://academic.oup.com/qje/article-lookup/doi/10.1162/003355397555217},
  urldate = {2019-10-11}
}

@article{haigh2005,
  title = {Do {{Professional Traders Exhibit Myopic Loss Aversion}}? An {{Experimental Analysis}}},
  shorttitle = {Do {{Professional Traders Exhibit Myopic Loss Aversion}}?},
  author = {Haigh, Michael S. and List, John A.},
  date = {2005-02},
  journaltitle = {The Journal of Finance},
  volume = {60},
  number = {1},
  pages = {523--534},
  publisher = {{American Finance Association}},
  issn = {00221082},
  doi = {10/c7jn9k},
  url = {http://doi.wiley.com/10.1111/j.1540-6261.2005.00737.x},
  urldate = {2019-10-11}
}

@article{haisley2008,
  title = {Myopic Risk-Seeking: The Impact of Narrow Decision Bracketing on Lottery Play},
  shorttitle = {Myopic Risk-Seeking},
  author = {Haisley, Emily and Mostafa, Romel and Loewenstein, George},
  date = {2008-08},
  journaltitle = {Journal of Risk and Uncertainty},
  shortjournal = {J Risk Uncertain},
  volume = {37},
  number = {1},
  pages = {57--75},
  issn = {0895-5646, 1573-0476},
  doi = {10/czj8x7},
  url = {http://link.springer.com/10.1007/s11166-008-9041-1},
  urldate = {2019-10-11}
}

@article{hedesstrom2006,
  title = {Covariation {{Neglect Among Novice Investors}}},
  author = {Hedesstrom, Ted Martin and Svedsater, Henrik and Garling, Tommy},
  date = {2006-09},
  journaltitle = {Journal of Experimental Psychology},
  volume = {12},
  number = {3},
  pages = {155--165},
  publisher = {{(1)Department of Psychology, Goteborg University, Gothenburg, Sweden}},
  issn = {1076-898X},
  doi = {10/ftmd77}
}

@article{hertwig2004,
  title = {Decisions from Experience and the Effect of Rare Events in Risky Choice},
  author = {Hertwig, Ralph and Barron, Greg and Weber, Elke U and Erev, Ido},
  date = {2004},
  journaltitle = {Psychological science},
  shortjournal = {Psychological science},
  volume = {15},
  number = {8},
  pages = {534--539},
  issn = {0956-7976},
  doi = {10/b274n8}
}

@article{ho2002,
  title = {Effects of {{Outcome}} and {{Probabilistic Ambiguity}} on {{Managerial Choices}}},
  author = {Ho, Joanna L. Y. and Robin Keller, L. and Keltyka, Pamela},
  date = {2002-01-01},
  journaltitle = {Journal of Risk and Uncertainty},
  shortjournal = {Journal of Risk and Uncertainty},
  volume = {24},
  number = {1},
  pages = {47--74},
  issn = {1573-0476},
  doi = {10/cg83pf},
  url = {https://doi.org/10.1023/A:1013277310399}
}

@article{hong2013,
  title = {On Computing the Distribution Function for the {{Poisson}} Binomial Distribution},
  author = {Hong, Yili},
  date = {2013-03},
  journaltitle = {Computational Statistics \& Data Analysis},
  shortjournal = {Computational Statistics \& Data Analysis},
  volume = {59},
  pages = {41--51},
  publisher = {{Elsevier B.V.}},
  issn = {01679473},
  doi = {10/gjscrd},
  url = {https://linkinghub.elsevier.com/retrieve/pii/S0167947312003568},
  urldate = {2020-02-17}
}

@article{hsee1999,
  title = {Preference Reversals between Joint and Separate Evaluations of Options: A Review and Theoretical Analysis.},
  author = {Hsee, Chrisopher K. and Loewenstein, George F. and Blount, Sally and Bazerman, Max H.},
  date = {1999},
  journaltitle = {Psychological Bulletin},
  volume = {125},
  number = {5},
  pages = {576--590},
  issn = {1939-1455(Electronic),0033-2909(Print)},
  doi = {10/dm3fvc},
  isbn = {0033-2909r1939-1455}
}

@article{jessup2008,
  title = {Feedback {{Produces Divergence From Prospect Theory}} in {{Descriptive Choice}}},
  author = {Jessup, Ryan K. and Bishara, Anthony J. and Busemeyer, Jerome R.},
  date = {2008-10},
  journaltitle = {Psychological Science},
  shortjournal = {Psychol Sci},
  volume = {19},
  number = {10},
  eprint = {19000212},
  eprinttype = {pmid},
  pages = {1015--1022},
  issn = {0956-7976, 1467-9280},
  doi = {10/bgb3qs},
  url = {http://journals.sagepub.com/doi/10.1111/j.1467-9280.2008.02193.x},
  urldate = {2019-10-11}
}

@article{joag1990,
  title = {Risk Perception in a Simulated Industrial Purchasing Task: The {{Effects}} of Single versus Multi-Play Decisions},
  shorttitle = {Risk Perception in a Simulated Industrial Purchasing Task},
  author = {Joag, Shreekant G. and Mowen, John C. and Gentry, James W.},
  date = {1990-04},
  journaltitle = {Journal of Behavioral Decision Making},
  shortjournal = {J. Behav. Decis. Making},
  volume = {3},
  number = {2},
  pages = {91--108},
  publisher = {{John Wiley \& Sons, Ltd}},
  issn = {08943257},
  doi = {10/czwknv},
  url = {http://doi.wiley.com/10.1002/bdm.3960030203},
  urldate = {2019-10-11}
}

@article{kahneman1979,
  title = {Prospect {{Theory}}: An {{Analysis}} of {{Decision}} under {{Risk}}},
  shorttitle = {Prospect {{Theory}}},
  author = {Kahneman, Daniel and Tversky, Amos},
  date = {1979},
  journaltitle = {Econometrica},
  volume = {47},
  number = {2},
  eprint = {1914185},
  eprinttype = {jstor},
  pages = {263--291},
  publisher = {{[Wiley, Econometric Society]}},
  issn = {0012-9682},
  doi = {10/g98}
}

@article{kahneman1993,
  title = {Timid {{Choices}} and {{Bold Forecasts}}: A {{Cognitive Perspective}} on {{Risk Taking}}},
  shorttitle = {Timid {{Choices}} and {{Bold Forecasts}}},
  author = {Kahneman, Daniel and Lovallo, Dan},
  date = {1993-01-01},
  journaltitle = {Management Science},
  shortjournal = {Management Science},
  volume = {39},
  number = {1},
  pages = {17--31},
  publisher = {{INFORMS}},
  issn = {0025-1909},
  doi = {10/c8vntn},
  url = {https://pubsonline.informs.org/doi/abs/10.1287/mnsc.39.1.17},
  urldate = {2021-04-07},
  isbn = {00251909}
}

@article{keren1987,
  title = {Violation of Utility Theory in Unique and Repeated Gambles},
  author = {Keren, Gideon and Wagenaar, Willem A},
  date = {1987},
  journaltitle = {Journal of Experimental Psychology: Learning, Memory, and Cognition},
  shortjournal = {Journal of Experimental Psychology: Learning, Memory, and Cognition},
  volume = {13},
  number = {3},
  pages = {387},
  issn = {1939-1285},
  doi = {10/dkr96j}
}

@article{keren1991,
  title = {Additional Tests of Utility Theory under Unique and Repeated Conditions},
  author = {Keren, Gideon},
  date = {1991-10},
  journaltitle = {Journal of Behavioral Decision Making},
  shortjournal = {J. Behav. Decis. Making},
  volume = {4},
  number = {4},
  pages = {297--304},
  publisher = {{John Wiley \& Sons, Ltd}},
  issn = {08943257, 10990771},
  doi = {10/bqqkt4},
  url = {http://doi.wiley.com/10.1002/bdm.3960040407},
  urldate = {2019-10-11}
}

@article{keren1999,
  title = {On the Robustness and Possible Accounts of Ambiguity Aversion},
  author = {Keren, Gideon and Gerritsen, Léonie E.M.},
  date = {1999-11},
  journaltitle = {Acta Psychologica},
  shortjournal = {Acta Psychologica},
  volume = {103},
  number = {1-2},
  pages = {149--172},
  issn = {00016918},
  doi = {10/cv5s2j},
  url = {https://linkinghub.elsevier.com/retrieve/pii/S0001691899000347},
  urldate = {2019-10-21}
}

@article{klos2005,
  title = {Investment {{Decisions}} and {{Time Horizon}}: Risk {{Perception}} and {{Risk Behavior}} in {{Repeated Gambles}}},
  shorttitle = {Investment {{Decisions}} and {{Time Horizon}}},
  author = {Klos, Alexander and Weber, Elke U. and Weber, Martin},
  date = {2005-12},
  journaltitle = {Management Science},
  shortjournal = {Management Science},
  volume = {51},
  number = {12},
  pages = {1777--1790},
  issn = {0025-1909, 1526-5501},
  doi = {10/bbrvhd},
  url = {http://pubsonline.informs.org/doi/abs/10.1287/mnsc.1050.0429},
  urldate = {2019-10-11}
}

@article{klos2013,
  title = {Myopic Loss Aversion: Potential Causes of Replication Failures},
  author = {Klos, Alexander},
  date = {2013},
  journaltitle = {Judgment and Decision Making},
  volume = {8},
  number = {5},
  pages = {13},
  url = {http://journal.sjdm.org/12/121229/jdm121229.pdf}
}

@article{koehler1994,
  title = {Shattering the Illusion of Control: Multi-Shot versus Single-Shot Gambles},
  shorttitle = {Shattering the Illusion of Control},
  author = {Koehler, Jonathan J. and Gibbs, Brian J. and Hogarth, Robin M.},
  date = {1994},
  journaltitle = {Journal of Behavioral Decision Making},
  volume = {7},
  number = {3},
  pages = {183--191},
  issn = {1099-0771},
  doi = {10/fwmwjs},
  url = {http://onlinelibrary.wiley.com/doi/abs/10.1002/bdm.3960070304},
  urldate = {2020-05-02}
}

@article{langer2001,
  title = {Prospect {{Theory}}, {{Mental Accounting}}, and {{Differences}} in {{Aggregated}} and {{Segregated Evaluation}} of {{Lottery Portfolios}}},
  author = {Langer, Thomas and Weber, Martin},
  date = {2001-05},
  journaltitle = {Management Science},
  shortjournal = {Management Science},
  volume = {47},
  number = {5},
  pages = {716--733},
  issn = {0025-1909, 1526-5501},
  doi = {10/fcfk69},
  url = {http://pubsonline.informs.org/doi/abs/10.1287/mnsc.47.5.716.10483},
  urldate = {2019-10-11}
}

@article{li2003,
  title = {The Role of {{Expected Value}} Illustrated in Decision-Making under Risk: Single-Play vs Multiple-Play},
  shorttitle = {The Role of {{Expected Value}} Illustrated in Decision-Making under Risk},
  author = {Li, Shu},
  date = {2003-03},
  journaltitle = {Journal of Risk Research},
  shortjournal = {Journal of Risk Research},
  volume = {6},
  number = {2},
  pages = {113--124},
  issn = {1366-9877, 1466-4461},
  doi = {10/cz6phv},
  url = {http://www.tandfonline.com/doi/abs/10.1080/1366987032000078893},
  urldate = {2019-10-11}
}

@article{liu2009,
  title = {Ambiguity Aversion in the Long Run: Repeated Decisions under Risk and Uncertainty},
  shorttitle = {Ambiguity Aversion in the Long Run},
  author = {Liu, Hsin-Hsien and Colman, Andrew M.},
  date = {2009-06},
  journaltitle = {Journal of Economic Psychology},
  shortjournal = {Journal of Economic Psychology},
  volume = {30},
  number = {3},
  pages = {277--284},
  issn = {01674870},
  doi = {10/d5p9kw},
  url = {https://linkinghub.elsevier.com/retrieve/pii/S0167487009000166},
  urldate = {2019-10-11}
}

@article{lopes1981,
  title = {Notes, {{Comments}}, and {{New Findings}}: Decision {{Making}} in the {{Short Run}}},
  author = {Lopes, Lola L},
  date = {1981},
  journaltitle = {Journal of Experimental Psychology: Human Learning and Memory},
  volume = {7},
  number = {5},
  pages = {377--385},
  doi = {10/ffz8hf}
}

@article{lopes1996,
  title = {When {{Time Is}} of the {{Essence}}: Averaging, {{Aspiration}}, and the {{Short Run}}},
  shorttitle = {When {{Time Is}} of the {{Essence}}},
  author = {Lopes, Lola L.},
  date = {1996-03},
  journaltitle = {Organizational Behavior and Human Decision Processes},
  shortjournal = {Organizational Behavior and Human Decision Processes},
  volume = {65},
  number = {3},
  pages = {179--189},
  issn = {07495978},
  doi = {10/fdtw45},
  url = {https://linkinghub.elsevier.com/retrieve/pii/S0749597896900175},
  urldate = {2020-05-19}
}

@article{lovallo2020,
  title = {Your {{Company Is Too Risk}}-{{Averse}}},
  author = {Lovallo, Dan and Koller, Tim and Uhlaner, Robert and Kahneman, Daniel},
  date = {2020},
  journaltitle = {Harvard Business Review},
  shortjournal = {Harvard Business Review},
  volume = {98},
  number = {2},
  pages = {104--111},
  publisher = {{Harvard Business School Publication Corp.}},
  issn = {00178012}
}

@article{ludvig2011,
  title = {Of {{Black Swans}} and {{Tossed Coins}}: Is the {{Description}}-{{Experience Gap}} in {{Risky Choice Limited}} to {{Rare Events}}?},
  shorttitle = {Of {{Black Swans}} and {{Tossed Coins}}},
  author = {Ludvig, Elliot A. and Spetch, Marcia L.},
  date = {2011-06-01},
  journaltitle = {PLoS ONE},
  shortjournal = {PLoS ONE},
  volume = {6},
  number = {6},
  pages = {e20262},
  issn = {1932-6203},
  doi = {10/ds5q2k},
  url = {http://dx.plos.org/10.1371/journal.pone.0020262},
  urldate = {2019-10-11}
}

@book{maccrimmon1986,
  title = {Taking Risks:  The Management of Uncertainty},
  shorttitle = {Taking Risks},
  author = {MacCrimmon, Kenneth R. and Wehrung, Donald A. and Stanbury, W. T.},
  date = {1986},
  series = {Taking Risks:  The Management of Uncertainty},
  pages = {xv, 380},
  publisher = {{Free Press}},
  location = {{New York, NY, US}},
  isbn = {978-0-02-919560-4},
  pagetotal = {xv, 380}
}

@article{march1987,
  title = {Managerial {{Perspectives}} on {{Risk}} and {{Risk Taking}}},
  author = {March, James G. and Shapira, Zur},
  date = {1987-11},
  journaltitle = {Management Science},
  shortjournal = {Management Science},
  volume = {33},
  number = {11},
  pages = {1404--1418},
  issn = {0025-1909, 1526-5501},
  doi = {10/ft2phq},
  url = {http://pubsonline.informs.org/doi/abs/10.1287/mnsc.33.11.1404},
  urldate = {2019-10-21}
}

@article{markman1995,
  title = {Similarity and {{Alignment}} in {{Choice}}},
  author = {Markman, Arthur B. and Medin, Douglas L.},
  date = {1995-08},
  journaltitle = {Organizational Behavior and Human Decision Processes},
  shortjournal = {Organizational Behavior and Human Decision Processes},
  volume = {63},
  number = {2},
  pages = {117--130},
  issn = {07495978},
  doi = {10/c8z7r9},
  url = {https://linkinghub.elsevier.com/retrieve/pii/S0749597885710679},
  urldate = {2019-10-31},
  isbn = {0749-5978}
}

@article{markman2010,
  title = {Structural Comparison and Consumer Choice},
  author = {Markman, Arthur B. and Loewenstein, Jeffrey},
  date = {2010-04},
  journaltitle = {Journal of Consumer Psychology},
  shortjournal = {Journal of Consumer Psychology},
  volume = {20},
  number = {2},
  pages = {126--137},
  issn = {10577408},
  doi = {10/d7b49c},
  url = {http://doi.wiley.com/10.1016/j.jcps.2010.01.002},
  urldate = {2019-12-04}
}

@article{markowitz1952,
  title = {Portfolio {{Selection}}},
  author = {Markowitz, Harry},
  date = {1952},
  journaltitle = {The Journal of Finance},
  volume = {7},
  number = {1},
  pages = {77--91},
  issn = {1540-6261},
  doi = {10/bhzd},
  url = {https://onlinelibrary.wiley.com/doi/abs/10.1111/j.1540-6261.1952.tb01525.x},
  urldate = {2021-04-07}
}

@article{moher2010,
  title = {Bracketing Effects on Risk Tolerance: Generalizability and Underlying Mechanisms},
  author = {Moher, Ester and Koehler, Derek J},
  date = {2010},
  journaltitle = {Judgment and Decision Making},
  volume = {5},
  number = {5},
  pages = {8},
  url = {http://journal.sjdm.org/10/10422/jdm10422.pdf}
}

@article{montgomery1982,
  title = {Gambling Decisions and Information about Expected Value},
  author = {Montgomery, Henry and Adelbratt, Thomas},
  date = {1982-02-01},
  journaltitle = {Organizational Behavior and Human Performance},
  shortjournal = {Organizational Behavior and Human Performance},
  volume = {29},
  number = {1},
  pages = {39--57},
  issn = {0030-5073},
  doi = {10/cvgjp4},
  url = {http://www.sciencedirect.com/science/article/pii/0030507382902410}
}

@article{rabin2009,
  title = {Narrow {{Bracketing}} and {{Dominated Choices}}},
  author = {Rabin, Matthew and Weizsäcker, Georg},
  date = {2009-08},
  journaltitle = {American Economic Review},
  shortjournal = {American Economic Review},
  volume = {99},
  number = {4},
  pages = {1508--1543},
  issn = {0002-8282},
  doi = {10/fk4rmz},
  url = {http://pubs.aeaweb.org/doi/10.1257/aer.99.4.1508},
  urldate = {2019-10-11}
}

@article{read1995,
  title = {Diversification Bias: Explaining the Discrepancy in Variety Seeking between Combined and Separated Choices.},
  author = {Read, Daniel and Loewenstein, George},
  date = {1995},
  journaltitle = {Journal of Experimental Psychology: Applied},
  shortjournal = {Journal of Experimental Psychology: Applied},
  volume = {1},
  number = {1},
  pages = {34},
  issn = {1939-2192},
  doi = {10/fcgvrw}
}

@article{read1999,
  title = {Choice {{Bracketing}}},
  author = {Read, Daniel and Loewenstein, George and Rabin, Matthew},
  date = {1999-12-01},
  journaltitle = {Journal of Risk and Uncertainty},
  shortjournal = {Journal of Risk and Uncertainty},
  volume = {19},
  number = {1},
  pages = {171--197},
  issn = {1573-0476},
  doi = {10/dh3rmv},
  url = {https://doi.org/10.1023/A:1007879411489},
  urldate = {2019-10-12}
}

@article{redelmeier1992,
  title = {On the {{Framing}} of {{Multiple Prospects}}},
  author = {Redelmeier, Donald A. and Tversky, Amos},
  date = {1992-05},
  journaltitle = {Psychological Science},
  shortjournal = {Psychol Sci},
  volume = {3},
  number = {3},
  pages = {191--193},
  issn = {0956-7976, 1467-9280},
  doi = {10/ctw2k6},
  url = {http://journals.sagepub.com/doi/10.1111/j.1467-9280.1992.tb00025.x},
  urldate = {2019-10-11}
}

@article{ross1999,
  title = {Adding {{Risks}}: Samuelson's {{Fallacy}} of {{Large Numbers Revisited}}},
  author = {Ross, Stephen A.},
  date = {1999},
  journaltitle = {The Journal of Financial and Quantitative Analysis},
  volume = {34},
  number = {3},
  eprint = {2676262},
  eprinttype = {jstor},
  pages = {323--339},
  issn = {00221090, 17566916},
  doi = {10/bj6r8r}
}

@article{samuelson1963,
  title = {Risk and {{Uncertainty}}: A {{Fallacy}} of {{Large Numbers}}},
  author = {Samuelson, Paul A},
  date = {1963},
  journaltitle = {Scientia},
  volume = {57},
  number = {98},
  pages = {108--113},
  url = {https://www.casact.org/sites/default/files/database/forum_94sforum_94sf049.pdf}
}

@article{schaefer1973,
  title = {The Assessment of Subjective Probability Distributions: A Training Experiment},
  shorttitle = {The Assessment of Subjective Probability Distributions},
  author = {Schaefer, Ralf E. and Borcherding, Katrin},
  date = {1973-04-01},
  journaltitle = {Acta Psychologica},
  shortjournal = {Acta Psychologica},
  volume = {37},
  number = {2},
  pages = {117--129},
  issn = {0001-6918},
  doi = {10/dpzkfb},
  url = {https://www.sciencedirect.com/science/article/pii/0001691873900255},
  urldate = {2021-04-21}
}

@article{schkade1994,
  title = {How {{People Respond}} to {{Contingent Valuation Questions}}: A {{Verbal Protocol Analysis}} of {{Willingness}} to {{Pay}} for an {{Environmental Regulation}}},
  shorttitle = {How {{People Respond}} to {{Contingent Valuation Questions}}},
  author = {Schkade, David A. and Payne, John W.},
  date = {1994-01-01},
  journaltitle = {Journal of Environmental Economics and Management},
  shortjournal = {Journal of Environmental Economics and Management},
  volume = {26},
  number = {1},
  pages = {88--109},
  issn = {0095-0696},
  doi = {10/c3cs99},
  url = {http://www.sciencedirect.com/science/article/pii/S0095069684710060},
  urldate = {2020-04-15}
}

@article{sokolhessner2009,
  title = {Thinking like a Trader Selectively Reduces Individuals' Loss Aversion},
  author = {Sokol-Hessner, Peter and Hsu, M. and Curley, N. G. and Delgado, M. R. and Camerer, C. F. and Phelps, E. A.},
  date = {2009-03-31},
  journaltitle = {Proceedings of the National Academy of Sciences},
  shortjournal = {Proceedings of the National Academy of Sciences},
  volume = {106},
  number = {13},
  eprint = {19289824},
  eprinttype = {pmid},
  pages = {5035--5040},
  publisher = {{National Academy of Sciences}},
  issn = {0027-8424, 1091-6490},
  doi = {10/fhdrcw},
  url = {http://www.pnas.org/cgi/doi/10.1073/pnas.0806761106},
  urldate = {2019-10-11},
  pmcid = {PMC2656558}
}

@article{sokolhessner2012,
  title = {Emotion Regulation Reduces Loss Aversion and Decreases Amygdala Responses to Losses},
  author = {Sokol-Hessner, Peter and Camerer, Colin F. and Phelps, Elizabeth A.},
  date = {2012},
  journaltitle = {Social Cognitive and Affective Neuroscience},
  volume = {8},
  number = {3},
  pages = {341--350},
  issn = {1749-5024, 1749-5016},
  doi = {10/fx5cn6},
  url = {https://academic.oup.com/scan/article/8/3/341/1723906},
  urldate = {2019-10-11}
}

@article{staelvonholstein1971,
  title = {Two Techniques for Assessment of Subjective Probability Distributions — {{An}} Experimental Study},
  author = {Staël von Holstein, Carl-Axel S.},
  date = {1971-12-01},
  journaltitle = {Acta Psychologica},
  shortjournal = {Acta Psychologica},
  volume = {35},
  number = {6},
  pages = {478--494},
  issn = {0001-6918},
  doi = {10/fgg6jn},
  url = {https://www.sciencedirect.com/science/article/pii/0001691871900059},
  urldate = {2021-04-21}
}

@article{stutzer2013,
  title = {Misperceptions of Long-Term Investment Performance {{Insights}} from an Experiment},
  author = {Stutzer, Michael},
  date = {2013},
  journaltitle = {The Journal of Behavioral Finance \& Economics},
  volume = {3},
  number = {1},
  pages = {1--20},
  issn = {1551-9570},
  url = {http://www.aobf.org/wp-content/uploads/2020/06/1-Stutzer-and-Grant.pdf}
}

@article{su2013,
  title = {Is Making a Risky Choice Based on a Weighting and Adding Process? An Eye-Tracking Investigation.},
  shorttitle = {Is Making a Risky Choice Based on a Weighting and Adding Process?},
  author = {Su, Yin and Rao, Li-Lin and Sun, Hong-Yue and Du, Xue-Lei and Li, Xingshan and Li, Shu},
  date = {2013},
  journaltitle = {Journal of Experimental Psychology: Learning, Memory, and Cognition},
  shortjournal = {Journal of Experimental Psychology: Learning, Memory, and Cognition},
  volume = {39},
  number = {6},
  pages = {1765--1780},
  issn = {1939-1285, 0278-7393},
  doi = {10/gjscr2},
  url = {http://doi.apa.org/getdoi.cfm?doi=10.1037/a0032861},
  urldate = {2019-10-11}
}

@article{swalm1966,
  title = {Utility {{Theory}}–{{Insights}} into {{Risk Taking}}},
  author = {Swalm, Ralph O.},
  date = {1966},
  journaltitle = {Harvard Business Review},
  shortjournal = {Harvard Business Review},
  volume = {44},
  number = {6},
  pages = {123--136},
  publisher = {{Harvard Business School Publication Corp.}},
  issn = {00178012}
}

@article{thaler1997,
  title = {The {{Effect}} of {{Myopia}} and {{Loss Aversion}} on {{Risk Taking}}: An {{Experimental Test}}},
  shorttitle = {The {{Effect}} of {{Myopia}} and {{Loss Aversion}} on {{Risk Taking}}},
  author = {Thaler, Richard H. and Tversky, A. and Kahneman, D. and Schwartz, A.},
  date = {1997-05-01},
  journaltitle = {The Quarterly Journal of Economics},
  shortjournal = {The Quarterly Journal of Economics},
  volume = {112},
  number = {2},
  pages = {647--661},
  issn = {0033-5533, 1531-4650},
  doi = {10/fcf346},
  url = {https://academic.oup.com/qje/article-lookup/doi/10.1162/003355397555226},
  urldate = {2019-10-11}
}

@article{thaler1999,
  title = {Mental Accounting Matters},
  author = {Thaler, Richard H.},
  date = {1999},
  journaltitle = {Journal of Behavioral decision making},
  shortjournal = {Journal of Behavioral decision making},
  volume = {12},
  number = {3},
  pages = {183--206},
  issn = {0894-3257},
  doi = {10/d4njp3}
}

@article{tversky1974,
  title = {Judgment under {{Uncertainty}}: Heuristics and {{Biases}}},
  shorttitle = {Judgment under {{Uncertainty}}},
  author = {Tversky, Amos and Kahneman, Daniel},
  date = {1974-09-27},
  journaltitle = {Science},
  volume = {185},
  number = {4157},
  eprint = {17835457},
  eprinttype = {pmid},
  pages = {1124--1131},
  publisher = {{American Association for the Advancement of Science}},
  issn = {0036-8075, 1095-9203},
  doi = {10/gwh},
  url = {https://science.sciencemag.org/content/185/4157/1124},
  urldate = {2021-04-21}
}

@article{tversky1981,
  title = {The Framing of Decisions and the Psychology of Choice},
  author = {Tversky, Amos and Kahneman, Daniel},
  date = {1981},
  journaltitle = {Science},
  volume = {211},
  number = {4481},
  pages = {453--458},
  publisher = {{American Assn for the Advancement of Science}},
  location = {{US}},
  issn = {1095-9203(Electronic),0036-8075(Print)},
  doi = {10/fj3z3r}
}

@article{tversky1992,
  title = {Advances in Prospect Theory: Cumulative Representation of Uncertainty},
  shorttitle = {Advances in Prospect Theory},
  author = {Tversky, Amos and Kahneman, Daniel},
  date = {1992-10-01},
  journaltitle = {Journal of Risk and Uncertainty},
  shortjournal = {J Risk Uncertainty},
  volume = {5},
  number = {4},
  eprint = {15795132},
  eprinttype = {pmid},
  pages = {297--323},
  issn = {1573-0476},
  doi = {10/cb57hk},
  url = {https://doi.org/10.1007/BF00122574},
  urldate = {2021-04-07},
  isbn = {0895-5646}
}

@article{venkatraman2006,
  title = {Multiple Prospect Framing and Decision Behavior: The Mediational Roles of Perceived Riskiness and Perceived Ambiguity},
  shorttitle = {Multiple Prospect Framing and Decision Behavior},
  author = {Venkatraman, Srinivasan and Aloysius, John A. and Davis, Fred D.},
  date = {2006-09},
  journaltitle = {Organizational Behavior and Human Decision Processes},
  shortjournal = {Organizational Behavior and Human Decision Processes},
  volume = {101},
  number = {1},
  pages = {59--73},
  issn = {07495978},
  doi = {10/dszh5v},
  url = {https://linkinghub.elsevier.com/retrieve/pii/S0749597806000446},
  urldate = {2019-10-11}
}

@article{viscusi1999,
  title = {Hopes and {{Fears}}: The {{Conflicting Effects}} of {{Risk Ambiguity}}},
  author = {Viscusi, W. Kip and Chesson, Harrell},
  date = {1999-10-01},
  journaltitle = {Theory and Decision},
  shortjournal = {Theory and Decision},
  volume = {47},
  number = {2},
  pages = {157--184},
  issn = {1573-7187},
  doi = {10/crj59t},
  url = {https://doi.org/10.1023/A:1005173013606}
}

@article{webb2017,
  title = {Is Broad Bracketing Always Better? How Broad Decision Framing Leads to More Optimal Preferences over Repeated Gambles},
  author = {Webb, Elizabeth C and Shu, Suzanne B},
  date = {2017},
  journaltitle = {Judgment and Decision Making},
  shortjournal = {Judgment and Decision Making},
  volume = {12},
  number = {4},
  pages = {382},
  issn = {1930-2975},
  url = {http://journal.sjdm.org/17/17317/jdm17317.pdf}
}

@article{wedell1990,
  title = {Moderation of Preference Reversals in the Long Run.},
  author = {Wedell, Douglas H. and Böckenholt, Ulf},
  date = {1990},
  journaltitle = {Journal of Experimental Psychology: Human Perception and Performance},
  shortjournal = {Journal of Experimental Psychology: Human Perception and Performance},
  volume = {16},
  number = {2},
  pages = {429--438},
  issn = {0096-1523},
  doi = {10/bmn8hf},
  url = {http://doi.apa.org/getdoi.cfm?doi=10.1037/0096-1523.16.2.429},
  urldate = {2019-10-11}
}

@article{wedell1994,
  title = {Contemplating {{Single}} versus {{Multiple Encounters}} of a {{Risky Prospect}}},
  author = {Wedell, Douglas H. and Bockenholt, Ulf},
  date = {1994},
  journaltitle = {The American Journal of Psychology},
  shortjournal = {The American Journal of Psychology},
  volume = {107},
  number = {4},
  eprint = {1422997},
  eprinttype = {jstor},
  pages = {499},
  publisher = {{University of Illinois Press}},
  issn = {00029556},
  doi = {10/b4fs2p}
}

@article{wulff2018,
  title = {A Meta-Analytic Review of Two Modes of Learning and the Description-Experience Gap.},
  author = {Wulff, Dirk U. and Mergenthaler-Canseco, Max and Hertwig, Ralph},
  date = {2018-02},
  journaltitle = {Psychological Bulletin},
  shortjournal = {Psychological Bulletin},
  volume = {144},
  number = {2},
  pages = {140--176},
  issn = {1939-1455, 0033-2909},
  doi = {10/gc2s4c},
  url = {http://doi.apa.org/getdoi.cfm?doi=10.1037/bul0000115},
  urldate = {2019-10-11}
}

@unpublished{zeisberger2020,
  title = {Do {{People Care About Loss Probabilities}}?},
  author = {Zeisberger, Stefan},
  date = {2020-05-15},
  url = {https://ssrn.com/abstract=2169394}
}


